% ------------------------------------------------------------------------
% BIBLIOGRAFIA
% ------------------------------------------------------------------------

@online{LLMSupplyChainAttacks,
  title   = {Portal Dark Reading},
  url     = {https://www.darkreading.com/application-security/chatgpt-hallucinations-developers-supply-chain-malware-attacks},
  urldate = {2025-01-08}
}

@online{ChatGPT,
  title   = {ChatGPT},
  url     = {https://chatgpt.com/},
  urldate = {2025-01-08}
}

@online{RectangularIntegrationAGH,
  title   = {Materia≈Çy AGH},
  url     = {https://home.agh.edu.pl/~dpawlus/pliki/matlab/MO_algorytmy.pdf},
  urldate = {2025-01-08}
}

@online{MicrosoftExcel,
  title   = {Microsoft Excel},
  url     = {https://www.microsoft.com/pl-pl/microsoft-365/excel},
  urldate = {2025-01-08}
}
}
